@Article{Piasetal2014ColonizationAbandoned,
  title = {The Colonization of Abandoned Land by {{Spanish}} Juniper: {{Linking}} Biotic and Abiotic Factors at Different Spatial Scales},
  shorttitle = {The Colonization of Abandoned Land by {{Spanish}} Juniper},
  author = {Beatr{\a'\i}z P{\a'\i}as and Gema Escribano-Avila and Emilio Virg{\a'o}s and Virginia Sanz-P{\a'e}rez and Adri{\a'a}n Escudero and Fernando Valladares},
  date = {2014-10},
  journaltitle = {Forest Ecology and Management},
  volume = {329},
  pages = {186--194},
  doi = {10.1016/j.foreco.2014.06.021},
}

@Article{ValbuenaCarabanaetal2010HistoricalRecenta,
  title = {Historical and Recent Changes in the {{Spanish}} Forests: {{A}} Socio-Economic Process},
  shorttitle = {Historical and Recent Changes in the {{Spanish}} Forests},
  author = {Mar{\a'\i}a Valbuena-Caraba{\~n}a and Unai L{\a'o}pez {de Heredia} and Pablo Fuentes-Utrilla and In{\a'e}s Gonz{\a'a}lez-Doncel and Luis Gil},
  date = {2010-10},
  journaltitle = {Review of Palaeobotany and Palynology},
  volume = {162},
  pages = {492--506},
  doi = {10.1016/j.revpalbo.2009.11.003},
  number = {3},
}
@Article{ValbuenaCarabanaetal2010HistoricalRecent,
  title = {Historical and Recent Changes in the {{Spanish}} Forests: A Socio-Economic Process.},
  author = {M. Valbuena-Caraba{\~n}a and U. L. {de Heredia} and P. Fuentes-Utrilla and I. Gonz{\a'a}lez-Doncel and L. Gil},
  date = {2010},
  journaltitle = {Review of Palaeobotany and Palynology},
  volume = {162},
  pages = {492--506},
  number = {3},
}
@Book{CMA2007MapaUsos,
  title = {Mapa de Usos y Coberturas de {{Andalucía}} 1956-1999-2003, 1:25 000.},
  author = {{CMA}},
  date = {2007},
  publisher = {{Consejería de Medio Ambiente, Junta de Andalucía, Sevilla, Spain}},
}
@InCollection{NavarroGonzalezetal2012CartografiaHistorica,
  title = {Cartografía Histórica de La Vegetación Mediante Ortofotos},
  booktitle = {Observatorio de {{Cambio Global}} de {{Sierra Nevada}}. {{Metodologías}} de Seguimiento},
  author = {I. Navarro-Gonz{\a'a}lez and F.J. Bonet-Garc{\a'\i}a and A.J. P{\a'e}rez-Luque},
  editor = {R. Aspizua and JM Barea-AzcNANAn and FJ Bonet and AJ P{\a'e}rez-Luque and R. Zamor},
  date = {2012},
  pages = {16--17},
  publisher = {{Consejería de Medio Ambiente. Junta de Andalucía}},
  isbn = {978-84-92807-78-9},
}
@InProceedings{MorenoLlorcaetal2014CaracterizacionFuentes,
  title = {Caracterización de Fuentes de Información Para La Reconstrucción Histórica de La Vegetación. {{Un}} Caso de Estudio En {{Sierra Nevada}}},
  booktitle = {{{XII Congreso Nacional}} de {{Medio Ambiente}} ({{CONAMA}} 2014)},
  author = {Ricardo A. Moreno-Llorca and Antonio Jes{\a'u}s P{\a'e}rez-Luque and Francisco Javier Bonet and Ram{\a'o}n P{\a'e}rez-P{\a'e}rez and Regino Zamora},
  date = {2014},
  url = {http://www.conama11.vsf.es/conama10/download/files/conama2014/CT%202014/1896711626.pdf},
}

@InCollection{MorenoLlorcaetal2016HistoricalAnalysis,
  title = {Historical Analysis of Socio-Ecological Changes in the Municipality of {{Cáñar}} ({{Alpujarra}}, {{Sierra Nevada}}) over the Last 5 Centuries},
  booktitle = {Global Change Impacts in {{Sierra Nevada}}: Challenges for Conservation},
  author = {R.A. Moreno-Llorca and A.J. P{\a'e}rez-Luque and F.J. Bonet and Zamora R},
  editor = {R. Zamora and A.J. P{\a'e}rez-Luque and F.J. Bonet and J.M. Barea-Azc{\a'o}n and R. Aspizua},
  date = {2016},
  pages = {59--62},
  publisher = {{Consejería de Medio Ambiente y Ordenación del Territorio. Junta de Andalucía}},
}
@Article{ZamoraBareaAzcon2015LongTermChanges,
  title = {Long-{{Term Changes}} in {{Mountain Passerine Bird Communities}} in the {{Sierra Nevada}} ({{Southern Spain}}): {{A}} 30-{{Year Case Study}}},
  shorttitle = {Long-{{Term Changes}} in {{Mountain Passerine Bird Communities}} in the {{Sierra Nevada}} ({{Southern Spain}})},
  author = {Regino Zamora and Jos{\a'e} Miguel Barea-Azc{\a'o}n},
  date = {2015-06},
  journaltitle = {Ardeola},
  volume = {62},
  pages = {3--18},
  doi = {10.13157/arla.62.1.2015.3},
  keywords = {biodiversity,birds,robledal},
  number = {1},
}
